<record><leader>00000cas a22000007a 4500</leader><controlfield tag="001">13072171</controlfield><controlfield tag="008">860128d189u1902wiuwr ne      0    0eng d</controlfield><datafield ind1=" " ind2=" " tag="010"><subfield code="a">sn 86086294 </subfield></datafield><datafield ind1=" " ind2=" " tag="040"><subfield code="a">NPV</subfield><subfield code="b">eng</subfield><subfield code="c">NPV</subfield><subfield code="d">OCLCQ</subfield></datafield><datafield ind1=" " ind2=" " tag="042"><subfield code="a">msc</subfield></datafield><datafield ind1=" " ind2=" " tag="045"><subfield code="a">w9x0</subfield></datafield><datafield ind1=" " ind2=" " tag="052"><subfield code="a">4123</subfield><subfield code="b">O2</subfield></datafield><datafield ind1="0" ind2=" " tag="130"><subfield code="a">Herald (Oconto, Wis.)</subfield></datafield><datafield ind1="1" ind2="4" tag="245"><subfield code="a">The herald.</subfield></datafield><datafield ind1=" " ind2=" " tag="260"><subfield code="a">Oconto, Wis. :</subfield><subfield code="b">Porter-Smith Printing,</subfield><subfield code="c">-1902.</subfield></datafield><datafield ind1=" " ind2=" " tag="300"><subfield code="a">v. :</subfield><subfield code="b">ill.</subfield></datafield><datafield ind1=" " ind2=" " tag="310"><subfield code="a">Weekly</subfield></datafield><datafield ind1="0" ind2=" " tag="362"><subfield code="a">-v. 5, no. 4 (July 18, 1902).</subfield></datafield><datafield ind1=" " ind2=" " tag="500"><subfield code="a">Published at: Oconto, Wis., &lt;Jan. 6&gt;-Aug. 30, 1899; at Oconto Falls, Wis., Sept. 8, 1899-July 18, 1902.</subfield></datafield><datafield ind1=" " ind2=" " tag="500"><subfield code="a">Publisher varies.</subfield></datafield><datafield ind1=" " ind2=" " tag="500"><subfield code="a">R.P. Smith, &lt;Jan. 6, 1899&gt;-July 18, 1902.</subfield></datafield><datafield ind1=" " ind2=" " tag="530"><subfield code="a">Available on microfilm from The State Historical Society of Wisconsin.</subfield></datafield><datafield ind1=" " ind2=" " tag="588"><subfield code="a">Description based on: Vol. 1, no. 28 (Jan. 6, 1899).</subfield></datafield><datafield ind1=" " ind2=" " tag="752"><subfield code="a">United States</subfield><subfield code="b">Wisconsin</subfield><subfield code="c">Oconto</subfield><subfield code="d">Oconto.</subfield></datafield><datafield ind1=" " ind2=" " tag="752"><subfield code="a">United States</subfield><subfield code="b">Wisconsin</subfield><subfield code="c">Oconto</subfield><subfield code="d">Oconto Falls.</subfield></datafield><datafield ind1="0" ind2="0" tag="785"><subfield code="t">Oconto Falls herald (Oconto Falls, Wis. : 1902)</subfield><subfield code="w">(DLC)sn 86086295</subfield></datafield></record>